@book{Sutton1998,
  added-at = {2019-07-13T10:11:53.000+0200},
  author = {Sutton, Richard S. and Barto, Andrew G.},
  edition = {Second},
  interhash = {ac6b144aaec1819919a2fba9f705c852},
  intrahash = {f46601cf8b13d39d1378af0d79438b12},
  keywords = {},
  publisher = {The MIT Press},
  timestamp = {2019-07-13T10:11:53.000+0200},
  title = {Reinforcement Learning: An Introduction},
  year = {2018}
}
@misc{Ac_lecture,
  author = {Hado Van Hasselt},
  title = {{Advanced Deep Learning \& Reinforcement Learning\\Lecture 12: Policy Gradients and Actor Critics}},
  howpublished = "\url{https://youtu.be/bRfUxQs6xIM}",
  year = {2018},
  note = "[Online; accessed 19-Dec-2020]"
}
